@book{Baier_2008,
  author = {Christel Baier and
    Joost-Pieter Katoen},
  title = {{Principles of Model Checking}},
  publisher = {The MIT Press},
  year = {2008}
}

@inproceedings{Robby_2003,
  author = {Robby and
    Matthew B. Dwyer and
    John Hatcliff},
  title = {{Bogor: An Extensible and Highly-Modular Software Model Checking Framework}},
  booktitle = {Proceedings of the 9th European Software Engineering Conference Held Jointly With the 11th ACM SIGSOFT International Symposium on Foundations of Software Engineering},
  year = {2003},
  series = {ESEC/FSE-11},
  pages = {267--276},
  publisher = {ACM}
}

@inproceedings{Narayanan_2002,
  author = {Srini Narayanan and
    Sheila A. McIlraith},
  title = {{Simulation, Verification and Automated Composition of Web Services}},
  booktitle = {Proceedings of the 11th International Conference on World Wide Web},
  year = {2002},
  series = {WWW '02},
  pages = {77--88},
  publisher = {ACM}
}

@article{Di_Pietro_2012,
  author = {Ivan Di Pietro and
    Francesco Pagliarecci and
    Luca Spalazzi},
  title = {{Model Checking Semantically Annotated Services}},
  journal = {IEEE Transactions on Software Engineering},
  year = {2012},
  volume = {38},
  number = {3},
  pages = {592--608},
  month = {May}
}

@inproceedings{Boaro_2010,
  author = {Lorenzo Boaro and
    Emanuele Glorio and
    Francesco Pagliarecci and
    Luca Spalazzi},
  title = {{Semantic Model Checking Security Requirements for Web Services}},
  booktitle = {Proceedings of the 2010 International Conference on High Performance Computing and Simulation},
  year = {2010},
  series = {HPCS '10},
  pages = {283--290},
  publisher = {IEEE}
}

@inproceedings{Oghabi_2011,
  author = {Giti Oghabi and
    Jamal Bentahar and
    Abdelghani Benharref},
  title = {{On the Verification of Behavioral and Probabilistic Web Services Using Transformation}},
  booktitle = {Proceedings of the 2011 IEEE International Conference on Web Services},
  year = {2011},
  series = {ICWS '11},
  pages = {548--555},
  publisher = {IEEE Computer Society}
}

@inproceedings{Ankolekar_2005,
  author = {Anupriya Ankolekar and
    Massimo Paolucci and
    Katia Sycara},
  title = {{Towards a Formal Verification of OWL-S Process Models}},
  booktitle = {Proceedings of the 4th International Conference on the Semantic Web},
  year = {2005},
  series = {ISWC '05},
  pages = {37--51},
  publisher = {Springer-Verlag}
}

@inproceedings{Liu_2008,
  author = {Rujuan Liu and
    Changjun Hu and
    Chongchong Zhao},
  title = {{Model Checking for Web Service Flow Based on Annotated OWL-S}},
  booktitle = {Proceedings of the 2008 Ninth ACIS International Conference on Software Engineering, Artificial Intelligence, Networking and Parallel/Distributed Computing},
  year = {2008},
  series = {SNPD '08},
  pages = {741--746},
  publisher = {IEEE Computer Society}
}

@inproceedings{Lomuscio_2009,
  author = {Alessio Lomuscio and
    Monika Solanki},
  title = {{Mapping OWL-S Processes to Multi Agent Systems: A Verification Oriented Approach}},
  booktitle = {Proceedings of the 2009 International Conference on Advanced Information Networking and Applications Workshops},
  year = {2009},
  series = {WAINA '09},
  pages = {488--493},
  publisher = {IEEE Computer Society}
}

@misc{DARPA,
  author = {DARPA},
  title = {{UAVForge}},
  howpublished = {[online] Available at: \url{http://www.uavforge.net/}}
}

@misc{Youngson_2004,
  author = {G. Youngson and
    K. Baker and
    D. Kelleher and
    S. Williams},
  title = {{Project Support Services for the Operational Mission and Scenario Analysis for Multiple UAVs/UCAVs Control From Airborne Platform}},
  month = {March},
  year = {2004}
}

@inproceedings{Hinton_2006,
  author = {Andrew Hinton and
    Marta Kwiatkowska and
    Gethin Norman and
    David Parker},
  title = {{PRISM: A Tool for Automatic Verification of Probabilistic Systems}},
  booktitle = {Proceedings of the 12th International Conference on Tools and Algorithms for the Construction and Analysis of Systems},
  year = {2006},
  series = {TACAS '06},
  pages = {441--444},
  publisher = {Springer-Verlag}
}

@misc{Evans,
  author = {Clark C. Evans},
  title = {{The Official YAML Web Site}},
  howpublished = {[online] Available at: \url{http://yaml.org/}}
}

@incollection{Horrocks_2011,
  author = {Ian Horrocks and
    Peter F.\ Patel-Schneider},
  title = {{Knowledge Representation and Reasoning on the Semantic Web: OWL}},
  booktitle = {Handbook of Semantic Web Technologies},
  publisher = {Springer},
  year = {2011},
  editor = {John Domingue and
    Dieter Fensel and
    James A. Hendler},
  chapter = {9},
  pages = {365--398}
}

@inproceedings{Motik_2006,
  author = {Boris Motik and
    Ian Horrocks and
    Riccardo Rosati and
    Ulrike Sattler},
  title = {{Can OWL and Logic Programming Live Together Happily Ever After?}},
  booktitle = {Proceedings of the 5th International Conference on the Semantic Web},
  year = {2006},
  series = {ISWC '06},
  pages = {501--514},
  publisher = {Springer-Verlag}
}

@inproceedings{Sensoy_2011,
  author = {Murat \c{S}ensoy and
    Geeth de Mel and
    Wamberto W. Vasconcelos and
    Timothy J. Norman},
  title = {{Ontological Logic Programming}},
  booktitle = {Proceedings of the International Conference on Web Intelligence, Mining and Semantics},
  year = {2011},
  series = {WIMS '11},
  pages = {44:1--44:9},
  publisher = {ACM}
}

@inproceedings{Matzner_2007,
  author = {Tobias Matzner and
    Pascal Hitzler},
  title = {{Any-World Access to OWL From Prolog}},
  booktitle = {Proceedings of the 30th Annual German Conference on Advances in Artificial Intelligence},
  year = {2007},
  series = {KI '07},
  pages = {84--98},
  publisher = {Springer-Verlag}
}

@article{Papadakis_2011,
  author = {Nikos Papadakis and
    Kostas Stravoskoufos and
    Evdoxios Baratis and
    Euripides G. M. Petrakis and
    Dimitris Plexousakis},
  title = {{PROTON: A Prolog Reasoner for Temporal ONtologies in OWL}},
  journal = {Expert Systems With Applications},
  year = {2011},
  volume = {38},
  number = {12},
  pages = {14660--14667},
  month = {November}
}

@article{Samuel_2008,
  author = {Ken Samuel and
    Leo Obrst and
    Suzette Stoutenberg and
    Karen Fox and
    Paul Franklin and
    Adrian Johnson and
    Ken Laskey and
    Deborah Nichols and
    Steve Lopez and
    Jason Peterson},
  title = {{Translating OWL and Semantic Web Rules Into Prolog: Moving Toward Description Logic Programs}},
  journal = {Theory and Practice of Logic Programming},
  year = {2008},
  volume = {8},
  number = {3},
  pages = {301--322},
  month = {May}
}

@article{Lukacsy_2009a,
  author = {Gergely Luk{\'a}csy and
    P{\'e}ter Szeredi},
  title = {{Efficient Description Logic Reasoning in Prolog: The DLog System}},
  journal = {Theory and Practice of Logic Programming},
  year = {2009},
  volume = {9},
  number = {3},
  pages = {343--414},
  month = {May}
}

@article{Almendros_Jimenez_2011,
  author = {Jes{\'u}s M. Almendros-Jim{\'e}nez},
  title = {{A Prolog-Based Query Language for OWL}},
  journal = {Electronic Notes in Theoretical Computer Science},
  year = {2011},
  volume = {271},
  pages = {3--22},
  month = {March}
}

@inproceedings{Elenius_2012,
  author = {Daniel Elenius},
  title = {{SWRL-IQ: A Prolog-Based Query Tool for OWL and SWRL}},
  booktitle = {Proceedings of OWL: Experiences and Directions Workshop 2012},
  year = {2012},
  volume = {849},
  series = {CEUR Workshop Proceedings},
  publisher = {CEUR-WS.org}
}

@incollection{Baader_2005,
  author = {Franz Baader and
    Ian Horrocks and
    Ulrike Sattler},
  title = {{Description Logics as Ontology Languages for the Semantic Web}},
  booktitle = {Mechanizing Mathematical Reasoning, Essays in Honor of J{\"o}rg H. Siekmann on the Occasion of His 60th Birthday},
  publisher = {Springer},
  year = {2005},
  editor = {Dieter Hutter and
    Werner Stephan},
  number = {2605},
  series = {Lecture Notes in Computer Science},
  pages = {228--248}
}

@inproceedings{Krotzsch_2011,
  author = {Markus Kr{\"o}tzsch and
    Sebastian Speiser},
  title = {{ShareAlike Your Data: Self-Referential Usage Policies for the Semantic Web}},
  booktitle = {Proceedings of the 10th International Conference on the Semantic Web---Volume Part I},
  year = {2011},
  series = {ISWC '11},
  pages = {354--369},
  publisher = {Springer-Verlag}
}

@misc{Horrocks_2004,
  author = {Ian Horrocks and
    Peter F. Patel-Schneider and
    Harold Boley and
    Said Tabet and
    Benjamin Grosof and
    Mike Dean},
  title = {{SWRL: A Semantic Web Rule Language Combining OWL and RuleML}},
  howpublished = {W3C Member Submission},
  month = {May},
  year = {2004}
}

@inproceedings{McGrath_2008,
  author = {Robert E. McGrath and
    Joe Futrelle},
  title = {{Reasoning About Provenance With OWL and SWRL Rules}},
  booktitle = {AAAI Spring Symposium: AI Meets Business Rules and Process Management},
  year = {2008},
  pages = {87--92},
  publisher = {AAAI}
}

@inproceedings{Volz_2003,
  author = {Raphael Volz and
    Stefan Decker and
    Daniel Oberle},
  title = {{Bubo---Implementing OWL in Rule-Based Systems}},
  booktitle = {Proceedings of the 12th International Conference on World Wide Web},
  year = {2003},
  series = {WWW '03},
  publisher = {ACM}
}

@article{Costa_2012,
  author = {V{\'i}tor Santos Costa and
    Ricardo Rocha and
    Lu{\'i}s Damas},
  title = {{The YAP Prolog System}},
  journal = {Theory and Practice of Logic Programming},
  year = {2012},
  volume = {12},
  number = {1--2},
  pages = {5--34},
  month = {January}
}

@incollection{Greco_2010,
  author = {Sergio Greco and
    Francesca A. Lisi},
  title = {{Logic programming Languages for Databases and the Web}},
  booktitle = {A 25-Year Perspective on Logic Programming},
  publisher = {Springer-Verlag},
  year = {2010},
  editor = {Agostino Dovier and
    Enrico Pontelli},
  pages = {183--203}
}

@inproceedings{Kwiatkowska_2012,
  author = {Marta Kwiatkowska and
    David Parker},
  title = {{Advances in Probabilistic Model Checking}},
  booktitle = {Software Safety and Security: Tools for Analysis and Verification},
  year = {2012},
  editor = {Tobias Nipkow and
    Orna Grumberg and
    Benedikt Hauptmann},
  volume = {33},
  series = {NATO Science for Peace and Security Series D: Information and Communication Security},
  pages = {126--151},
  publisher = {IOS Press}
}

@inproceedings{Rango_2010,
  author = {Albert Rango and
    Andrea Laliberte and
    Kris Havstad and
    Craig Winters and
    Caiti Steele and
    Dawn Browning},
  title = {{Rangeland Resource Assessment, Monitoring, and Management Using Unmanned Aerial Vehicle-Based Remote Sensing}},
  booktitle = {Proceedings of the IEEE International Geoscience {\&} Remote Sensing Symposium},
  year = {2010},
  series = {IGARSS '10},
  pages = {608--611},
  publisher = {IEEE}
}

@article{Jimenez_Berni_2009,
  author = {Jose A. Jim{\'e}nez-Berni and
    Pablo J. Zarco-Tejada and
    Lola Suarez and
    El{\'i}as Fereres},
  title = {{Thermal and Narrowband Multispectral Remote Sensing for Vegetation Monitoring From an Unmanned Aerial Vehicle}},
  journal = {IEEE Transactions on Geoscience and Remote Sensing},
  year = {2009},
  volume = {47},
  number = {3},
  pages = {722--738},
  month = {March}
}

@inproceedings{Heintz_2007,
  author = {Fredrik Heintz and
    Piotr Rudol and
    Patrick Doherty},
  title = {{From Images to Traffic Behavior---A UAV Tracking and Monitoring Application}},
  booktitle = {Proceedings of the 10th International Conference on Information Fusion},
  year = {2007},
  series = {FUSION '07},
  pages = {1--8},
  publisher = {IEEE}
}

@inproceedings{Karaman_2008,
  author = {Sertac Karaman and
    Emilio Frazzoli},
  title = {{Complex Mission Optimization for Multiple UAVs Using Linear Temporal Logic}},
  booktitle = {Proceedings of the 2008 American Control Conference},
  year = {2008},
  series = {ACC '08},
  pages = {2003--2009},
  publisher = {IEEE}
}

@inproceedings{Tosic_2003,
  author = {Predrag Tosic and
    Myeong-Wuk Jang and
    Smitha Reddy and
    Joshua Chia and
    Liping Chen and
    Gul Agha},
  title = {{Modeling a System of UAVs on a Mission}},
  booktitle = {Proceedings of the 7th World Multiconference on Systemics, Cybernetics and Informatics},
  year = {2003},
  series = {SCI '03},
  pages = {508--514}
}

@article{Sirin_2007,
  author = {Evren Sirin and
    Bijan Parsia and
    Bernardo Cuenca Grau and
    Aditya Kalyanpur and
    Yarden Katz},
  title = {{Pellet: A practical OWL-DL Reasoner}},
  journal = {Journal of Web Semantics},
  year = {2007},
  volume = {5},
  number = {2},
  pages = {51--53},
  month = {June}
}

@misc{SWI_Prolog,
  title = {{SWI-Prolog's home}},
  howpublished = {[online] Available at: \url{http://www.swi-prolog.org/}}
}

@inproceedings{Horridge_2006,
  author = {Matthew Horridge and
    Nick Drummond and
    John Goodwin and
    Alan L. Rector and
    Robert Stevens and
    Hai Wang},
  title = {{The Manchester OWL Syntax}},
  booktitle = {Proceedings of the OWLED*06 Workshop on OWL: Experiences and Directions},
  year = {2006},
  publisher = {CEUR-WS.org}
}

@manual{Horridge_2011,
  title = {{A Practical Guide to Building OWL Ontologies Using Prot{\'e}g{\'e} 4 and CO-ODE Tools}},
  author = {Matthew Horridge},
  organization = {The University of Manchester},
  edition = {1.3},
  year = {2011}
}

